<?xml version="1.0" encoding="UTF-8"?><collection xmlns="http://www.loc.gov/MARC21/slim"><record><leader>00437nam--2200181-u-4500</leader><controlfield tag="001">000056273</controlfield><controlfield tag="002">20161230</controlfield><controlfield tag="005">20161230201052</controlfield><controlfield tag="008">150324s1000------------r-----000-0-rus-d</controlfield><datafield ind1=" " ind2=" " tag="040"><subfield code="a">IFIN-HH</subfield></datafield><datafield ind1=" " ind2=" " tag="041"><subfield code="a">rus</subfield></datafield><datafield ind1=" " ind2=" " tag="080"><subfield code="a">537.32:537.311.33:539.124</subfield></datafield><datafield ind1="1" ind2=" " tag="100"><subfield code="a">Ioffe, A.F</subfield></datafield><datafield ind1="1" ind2="0" tag="245"><subfield code="a">Izbrannie trudi tom ii</subfield><subfield code="c">A.f. ioffe</subfield></datafield><datafield ind1=" " ind2=" " tag="260"><subfield code="a">Leningrad</subfield><subfield code="b">Nauka</subfield><subfield code="c">1975</subfield></datafield><datafield ind1=" " ind2=" " tag="300"><subfield code="a">469P</subfield></datafield><datafield ind1=" " ind2=" " tag="852"><subfield code="a">43697</subfield><subfield code="c">53</subfield></datafield><datafield ind1=" " ind2=" " tag="CAT"><subfield code="a">Sys</subfield><subfield code="c">20150324</subfield><subfield code="h">094239</subfield></datafield></record></collection>